
@MASTERSTHESIS {gresch2017,
	author = "Christoph Gresch",
	title  = "Einsatz von Data Mining zur Identifikation und Schätzung der Anzahl von Bananenpflanzen in einem Bild",
	school = "Technische Hochschule Brandenburg",
	year   = "2017",
	month  = "jan"
}

@MANUAL {eu2017,
	title        = "Using Convolutional Neural Networks to Count Palm Trees in Satellite Images",
	author       = "Eu Koon Cheang, Teik Koon Cheang, Yong Haur Tay",
	organization = "Cornell University Library",
	month        = "jan",
	year         = "2017"
}

@ARTICLE {lecun1998,
	author  = "Yann LeCun, Léon Bottou, Yoshua Bengio, and Patrick Haffner",
	title   = "Gradient-Based Learning Applied to Document Recognition",
	journal = "Proceedings of the IEEE",
	year    = "1998",
	pages   = "2278-2324",
	month   = "nov"
}

@ARTICLE {yolo,
	author  = "Joseph Redmon, Santosh Divvala, Ross Girshick, Ali Farhadi",
	title   = "You Only Look Once: Unified, Real-Time Object Detection",
	journal = "Cornell University library",
	year    = "2015",
	month   = "jan",
	note    = "URL: https://arxiv.org/abs/1506.02640"
}

@ARTICLE {javier,
	author  = "Javier Ribera, Yuhao Chen, Christopher Boomsma and Edward J. Delp",
	title   = "COUNTING PLANTS USING DEEP LEARNING",
	organization = "Video and Image Processing Laboratory (VIPER), Purdue University, West Lafayette, Indiana, USA, Department of Agronomy, Purdue University, West Lafayette, Indiana, USA"
}