@MANUAL {eu2017,
	title        = "Using Convolutional Neural Networks to Count Palm Trees in Satellite Images",
	author       = "Eu Koon Cheang, Teik Koon Cheang, Yong Haur Tay",
	organization = "Cornell University Library",
	month        = "jan",
	year         = "2017"
}

@misc{swagger,
	author = SmartBear,
	title = Swagger - World's Most Popular API Framework,
	url = https://swagger.io,
	lastchecked = 2018-01-17,
	originalyear = 2017
}